<record><leader>00000cas a2200000 a 4500</leader><controlfield tag="001">9900650</controlfield><controlfield tag="008">830912d18281835nyuwr ne      0   a0eng c</controlfield><datafield ind1=" " ind2=" " tag="010"><subfield code="a">sn 86059055 </subfield></datafield><datafield ind1=" " ind2=" " tag="040"><subfield code="a">NYG</subfield><subfield code="b">eng</subfield><subfield code="c">NYG</subfield><subfield code="d">NPI</subfield><subfield code="d">ANU</subfield><subfield code="d">NST</subfield><subfield code="d">NYS</subfield><subfield code="d">CNK</subfield><subfield code="d">NVF</subfield><subfield code="d">OCL</subfield><subfield code="d">CVF</subfield><subfield code="d">NYS</subfield><subfield code="d">OCLCG</subfield><subfield code="d">GUA</subfield><subfield code="d">OCLCG</subfield><subfield code="d">DLC</subfield><subfield code="d">CZL</subfield><subfield code="d">OCLCQ</subfield><subfield code="d">OCLCF</subfield><subfield code="d">OCLCO</subfield></datafield><datafield ind1=" " ind2=" " tag="012"><subfield code="i">9209</subfield></datafield><datafield ind1="0" ind2=" " tag="022"><subfield code="a">2160-9012</subfield><subfield code="2">1</subfield></datafield><datafield ind1="1" ind2=" " tag="029"><subfield code="a">AU@</subfield><subfield code="b">000000888480</subfield></datafield><datafield ind1=" " ind2=" " tag="042"><subfield code="a">pcc</subfield><subfield code="a">nsdp</subfield></datafield><datafield ind1=" " ind2=" " tag="043"><subfield code="a">n-us-ny</subfield></datafield><datafield ind1="1" ind2="0" tag="050"><subfield code="a">ISSN RECORD</subfield></datafield><datafield ind1=" " ind2="4" tag="050"><subfield code="a">HX1</subfield><subfield code="b">.A12</subfield></datafield><datafield ind1="1" ind2="0" tag="082"><subfield code="a">051</subfield><subfield code="2">14</subfield></datafield><datafield ind1="0" ind2="4" tag="082"><subfield code="a">335</subfield></datafield><datafield ind1="0" ind2=" " tag="130"><subfield code="a">Free enquirer (New York, N.Y.)</subfield></datafield><datafield ind1=" " ind2="4" tag="222"><subfield code="a">The Free enquirer</subfield><subfield code="b">(New York, N.Y.)</subfield></datafield><datafield ind1="1" ind2="4" tag="245"><subfield code="a">The free enquirer.</subfield></datafield><datafield ind1=" " ind2=" " tag="260"><subfield code="a">[New York, N.Y. :</subfield><subfield code="b">Office of the Free Enquirer],</subfield><subfield code="c">1828-1835.</subfield></datafield><datafield ind1=" " ind2=" " tag="300"><subfield code="a">v.</subfield></datafield><datafield ind1=" " ind2=" " tag="310"><subfield code="a">Weekly</subfield></datafield><datafield ind1="0" ind2=" " tag="362"><subfield code="a">2nd ser., v. 1, no. 1 (Oct. 29, 1828)-v. 5, no. 52 (Oct. 19, 1833) ; 3rd ser., v. 1, no. 1 (Oct. 27, 1833)-v. 2, no. 26 (June 28, 1835).</subfield></datafield><datafield ind1=" " ind2=" " tag="515"><subfield code="a">Issues for Oct. 29, 1828-Oct. 21, 1829 called also whole ser., v. 4, no. 157-v. 4, no. 208.</subfield></datafield><datafield ind1=" " ind2=" " tag="550"><subfield code="a">Imprint varies: 2nd ser., v. 1, 3 published in New York at the Office of the Free Enquirer; 2nd ser., v. 2 in New York by Wright &amp; Owen; 2nd ser., v. 4 in New York printed by B.H. Day; 2nd ser., v. 5- in New York by L.W. Jacobus.</subfield></datafield><datafield ind1=" " ind2=" " tag="580"><subfield code="a">Indiana ed.: New-Harmony and Nashoba gazette, or, The free enquirer, 1828-Feb. 25, 1829.</subfield></datafield><datafield ind1=" " ind2="0" tag="651"><subfield code="a">New York (N.Y.)</subfield><subfield code="v">Newspapers.</subfield></datafield><datafield ind1=" " ind2="7" tag="655"><subfield code="a">Newspapers.</subfield><subfield code="2">fast</subfield><subfield code="0">(OCoLC)fst01423814</subfield></datafield><datafield ind1=" " ind2="7" tag="651"><subfield code="a">New York (State)</subfield><subfield code="z">New York.</subfield><subfield code="2">fast</subfield><subfield code="0">(OCoLC)fst01204333</subfield></datafield><datafield ind1="1" ind2=" " tag="700"><subfield code="a">Wright, Frances,</subfield><subfield code="d">1795-1852.</subfield></datafield><datafield ind1="1" ind2=" " tag="700"><subfield code="a">Owen, Robert Dale,</subfield><subfield code="d">1801-1877.</subfield></datafield><datafield ind1=" " ind2=" " tag="752"><subfield code="a">United States</subfield><subfield code="b">New York</subfield><subfield code="c">New York</subfield><subfield code="d">New York.</subfield></datafield><datafield ind1="1" ind2=" " tag="775"><subfield code="t">New-Harmony and Nashoba gazette, or, The free enquirer</subfield><subfield code="w">(DLC)sn 86058857</subfield><subfield code="w">(OCoLC)14563197</subfield></datafield><datafield ind1="0" ind2="8" tag="776"><subfield code="i">Online version :</subfield><subfield code="t">Free enquirer (New York, N.Y. : Online)</subfield><subfield code="w">(DLC)  2008266528</subfield><subfield code="w">(OCoLC)64388073</subfield></datafield><datafield ind1="0" ind2="8" tag="776"><subfield code="i">Microfilm:</subfield><subfield code="t">Free enquirer (New York, N.Y.)</subfield><subfield code="w">(DLC)sf 89092204</subfield><subfield code="w">(OCoLC)10313543</subfield></datafield><datafield ind1="0" ind2="1" tag="780"><subfield code="t">New-Harmony gazette</subfield><subfield code="w">(DLC)sn 86059056</subfield><subfield code="w">(OCoLC)9900619</subfield></datafield><datafield ind1=" " ind2=" " tag="850"><subfield code="a">NcD</subfield></datafield><datafield ind1="4" ind2="1" tag="856"><subfield code="z">Proquest</subfield><subfield code="u">http://gateway.proquest.com/openurl?url_ver=Z39.88-2004&amp;res_dat=xri:pqd::hnp&amp;rft_val_fmt=info:ofi/fmt:kev:mtx:journal&amp;rft_dat=xri:pqd:PMID=41690</subfield></datafield></record>